@ARTICLE{Figueredo:2009dg,
   author = { Stuart Russell and Peter Norvig},
   title = {Artificial Intelligence: A Modern Approach.},
   volume = {$3^{rd}$ edition},
   edition = {3},
   pages = {317-330},
   year = { December 11, 2009}
}
@ARTICLE{NewBook,
    author = {M. Tim Jones},
    title = {Artificial Intelligence, A Systems Approach},
    volume = {$1^{st}$ edition},
    pages = {},
    year = {December 26, 2008}
}